@article{paper3,
	journal = {{arXiv} e-print},
	title = {Tumbling of small axisymmetric particles in random and turbulent flows},
	number = {1305.1822},
	author = {Gustavsson, K. and Einarsson, J. and Mehlig, B.},
	year = {2013},
}


@article{hinch1979,
	title = {Rotation of small non-axisymmetric particles in a simple shear flow},
	volume = {92},
	doi = {10.1017/S002211207900077X},
	number = {03},
	journal = {Journal of Fluid Mechanics},
	author = {Hinch, E. J. and Leal, L. G.},
	year = {1979},
	pages = {591--607}
}


@book{kundu2004,
	address = {Amsterdam ; Boston},
	edition = {3rd ed},
	title = {Fluid mechanics},
	isbn = {0121782530},
	lccn = {QA901 .K86 2004},
	publisher = {Elsevier Academic Press},
	author = {Kundu, Pijush K.},
	collaborator = {Cohen, Ira M. and Hu, Howard H.},
	year = {2004},
	keywords = {Fluid mechanics}
}

@book{happel1965,
	title = {Low Reynolds Number Hydrodynamics: With Special Applications to Particulate Media},
	isbn = {9789024728770},
	shorttitle = {Low Reynolds Number Hydrodynamics},
	language = {en},
	publisher = {Springer},
	author = {Happel, John R. and Brenner, Howard},
	year = {1965},
	keywords = {Science / Mechanics / General}
}


@book{kim1991,
	address = {Boston},
	series = {Butterworth-Heinemann series in chemical engineering},
	title = {Microhydrodynamics: principles and selected applications},
	isbn = {0750691735},
	lccn = {QA911 .K49 1991},
	shorttitle = {Microhydrodynamics},
	publisher = {Butterworth-Heinemann},
	author = {Kim, Sangtae},
	collaborator = {Karrila, Seppo J.},
	year = {1991},
	keywords = {Hydrodynamics, mobility, resistance, tensor}
}


@article{bretherton1962,
	title = {The motion of rigid particles in a shear flow at low Reynolds number},
	volume = {14},
	doi = {10.1017/S002211206200124X},
	number = {02},
	journal = {Journal of Fluid Mechanics},
	author = {Bretherton, F. P.},
	year = {1962},
	pages = {284--304},
	file = {Cambridge Journals Snapshot:C:\Users\einarssj\AppData\Roaming\Mozilla\Firefox\Profiles\9oki5rbn.default\zotero\storage\J3HVKVW5\displayAbstract.html:text/html}
}
